<?xml version="1.0" encoding="UTF-8"?><collection xmlns="http://www.loc.gov/MARC21/slim"><record><leader>00489nam--2200193-i-4500</leader><controlfield tag="001">000024728</controlfield><controlfield tag="002">20161230</controlfield><controlfield tag="005">20161230201035</controlfield><controlfield tag="008">060222s1000------------r-----000-0-RUM-d</controlfield><datafield ind1=" " ind2=" " tag="040"><subfield code="a">IFIN-HH</subfield></datafield><datafield ind1=" " ind2=" " tag="041"><subfield code="a">RUM</subfield></datafield><datafield ind1=" " ind2=" " tag="080"><subfield code="a">519.217.2</subfield></datafield><datafield ind1="1" ind2=" " tag="100"><subfield code="a">Iosifescu, Marius</subfield></datafield><datafield ind1="1" ind2="0" tag="245"><subfield code="a">Lanturi markov finite si aplicatii</subfield><subfield code="c">Marius iosifescu</subfield></datafield><datafield ind1=" " ind2=" " tag="260"><subfield code="a">Bucuresti,Editura Tehnica, 1977</subfield></datafield><datafield ind1=" " ind2=" " tag="300"><subfield code="a">271P</subfield></datafield><datafield ind1=" " ind2=" " tag="650"><subfield code="a">Lanturi Markov</subfield></datafield><datafield ind1=" " ind2=" " tag="852"><subfield code="a">44274</subfield><subfield code="c">519.2</subfield></datafield><datafield ind1=" " ind2=" " tag="CAT"><subfield code="a">Sys</subfield><subfield code="c">20100531</subfield><subfield code="h">105357</subfield></datafield></record></collection>